@article{sharma,
  title={A fast parallel Gauss Jordan algorithm for matrix inversion using CUDA},
  author={Sharma, Girish and Agarwala, Abhishek and Bhattacharya, Baidurya},
  journal={Computers \& Structures},
  volume={128},
  pages={31--37},
  year={2013},
  publisher={Elsevier}
}

@inproceedings{benner,
  title={High performance matrix inversion of SPD matrices on graphics processors},
  author={Benner, Peter and Quintana-Orti, Enrique S and Ezzatti, Pablo and Rem{\'o}n, Alfredo},
  booktitle={High Performance Computing and Simulation (HPCS), 2011 International Conference on},
  pages={640--646},
  year={2011},
  organization={IEEE}
}
